2450 4272
359 315 649 420 anatra'rto.
857 385 910 426 v„
960 317 968 330 ’

108 538 225 608 voluit.
285 535 342 610 Ex
367 534 517 624 antiquis
545 534 751 602 editionibus
778 537 909 628 primes

107 668 197 744 tenet
220 651 372 742 Aldina,
397 676 483 742 quse
502 655 550 720 ed
570 654 749 744 pleresque
774 655 910 759 fabulas

108 774 263 840 noudum
287 796 306 838 a
322 753 494 860 quoquam
511 771 588 838 satis
608 785 764 839 accurate
785 762 908 844 collata

110 905 162 960 est
215 891 320 958 Hane
344 889 455 977 igitur
478 883 679 957 faciendum
708 895 837 996 ¹platani
872 910 911 966 vt
1017 957 1023 982 ‚

109 1013 148 1076 ad
160 1009 318 1096 singulos
335 1031 456 1078 versus
473 1009 547 1098 ipse
564 1007 779 1080 conferrem(
812 1013 909 1080 Cete-

106 1129 152 1196 ris
175 1126 390 1200 editionibus
411 1128 460 1194 ita
484 1149 540 1192 me
565 1152 664 1197 veum
688 1129 843 1220 videbis,
869 1144 911 1202 vt

106 1250 262 1318 virorum
303 1248 486 1316 doctorum
519 1258 578 1312 aut
609 1247 908 1338 interpretationes

108 1369 387 1436 auteonieeturas
398 1366 907 1456 denuo-adexamenvocerem,

108 1488 258 1556 mamma
282 1498 405 1566 autem,
421 1485 464 1551 ad
493 1505 548 1550 eas
574 1483 734 1551 lectio'nes
753 1483 909 1553 animum

105 1585 337 1694 intenderem,
361 1627 443 1693 ques
460 1626 506 1670 ex
521 1603 621 1670 libris
643 1601 744 1671 Mss,
760 1616 910 1672 enotatas

108 1711 321 1814 ruber-issem.
368 1721 542 1790 Codicum
559 1721 654 1786 enim
669 1720 738 1786 dici
755 1722 818 1790 vix
832 1734 909 1811 pot·

109 1854 156 1908 est
166 1865 271 1931 quam
285 1838 558 1933 perfunctoriam
574 1837 720 1905 editores
736 1839 909 1908 rationem

108 1957 309 2042 habuerint,
359 1958 420 2046 qui
455 1956 549 2024 haud
583 1979 663 2024 raro
710 1957 825 2046 inepta
870 1959 910 2027 iu
1006 1946 1009 1956 ¹

109 2091 206 2167 poeta
231 2079 491 2165 relinquerent,
517 2075 663 2165 optimas
688 2076 849 2144 lectiones
869 2079 910 2147 iu

111 2194 270 2264 notarum
290 2195 434 2263 latebras
449 2193 649 2282 ablegantes.
701 2193 851 2284 Largam
867 2199 910 2269 ab

110 2310 169 2380 hae
184 2327 299 2406 parte,
319 2312 472 2380 maxime
486 2312 526 2378 in
542 2312 749 2380 carminibus
764 2312 912 2406 melicis,
995 2300 998 2314 Δ

111 2452 198 2501 nouo
218 2432 347 2500 editori
366 2453 511 2498 messem
530 2431 685 2498 relietum
698 2455 779 2520 esse,
805 2437 910 2503 docu-

112 2563 222 2620 mento
236 2562 318 2618 sunt
335 2569 485 2639 nuperae
502 2551 707 2645 supplicum
724 2564 757 2617 et
774 2552 910 2620 Herou-

110 2662 151 2734 lis
170 2666 331 2738 Furentis
350 2669 515 2736 editiones
536 2668 577 2735 ab
592 2668 791 2738 Hermanno
812 2653 907 2740 cmu-

58 2875 63 2884 ,
110 2793 170 2854 tae.
221 2763 420 2856 Metiorum
443 2787 538 2854 enim
560 2786 687 2876 peritia
709 2811 816 2879 quum
833 2789 906 2880 ple·

113 2901 225 2992 risque
247 2905 433 2974 editoribus
456 2917 514 2974 aut
533 2905 631 2971 nulla
645 2919 704 2972 aut
718 2906 844 2998 exigua
865 2908 903 2976 iu

113 3033 252 3106 promtu
267 3037 360 3110 esset,
385 3023 578 3114 saepissime
590 3023 688 3090 bonis
702 3025 906 3092 lectionibus

115 3137 162 3209 ru
171 3139 375 3211 uescienmt.
425 3141 740 3232 testamentode,
756 3121 804 3214 'vt
818 3143 904 3211 iem·
